<?xml version="1.0" encoding="UTF-8"?><record xmlns="http://www.loc.gov/MARC21/slim" xmlns:cinclude="http://apache.org/cocoon/include/1.0" xmlns:zs="http://www.loc.gov/zing/srw/">
  <leader>00287nz  a2200121n  4500</leader>
  <controlfield tag="001">n 2009008244</controlfield>
  <controlfield tag="003">DLC</controlfield>
  <controlfield tag="005">20090210074933.0</controlfield>
  <controlfield tag="008">090209n| acannaabn          |n aad      </controlfield>
  <datafield tag="010" ind1=" " ind2=" ">
    <subfield code="a">n 2009008244</subfield>
  </datafield>
  <datafield tag="040" ind1=" " ind2=" ">
    <subfield code="a">DLC</subfield>
    <subfield code="b">eng</subfield>
    <subfield code="c">DLC</subfield>
  </datafield>
  <datafield tag="100" ind1="1" ind2=" ">
    <subfield code="a">Buongusto, F.</subfield>
  </datafield>
  <datafield tag="670" ind1=" " ind2=" ">
    <subfield code="a">Te me vas, 1965</subfield>
    <subfield code="b">(Buongusto, F.)</subfield>
  </datafield>
</record>